@article{agresti1998approximate,
  title={Approximate is better than “exact” for interval estimation of binomial proportions},
  author={Agresti, Alan and Coull, Brent A},
  journal={The American Statistician},
  volume={52},
  number={2},
  pages={119--126},
  year={1998},
  publisher={Taylor \& Francis}
}
@misc{allpairspy,
author = {Hombashi, Tsuyoshi},
title = "AllPairsPy",
howpublished = {\url{https://github.com/thombashi/allpairspy}},
note = {Accessed: 2019-12-20},
year = {2019}
}
@inproceedings{blass2002,
title = {Pairwise Testing},
author = {Blass, Andreas and Gurevich, Yuri},
booktitle = {Bulletin of the European Association for Theoretical Computer Science},
volume = {78},
year = {2002},
pages = {100--132}
}
@book{carver2017,
title = {Software Engineering for Science},
editor = {Carver, Jeffrey C and Chue Hong, Neil P and Thiruvathukal, George K},
year = {2017},
publisher = {CRC Press}
}
@article{cohen1997aetg,
  title={The AETG system: An approach to testing based on combinatorial design},
  author={Cohen, David M. and Dalal, Siddhartha R. and Fredman, Michael L. and Patton, Gardner C.},
  journal={IEEE Transactions on Software Engineering},
  volume={23},
  number={7},
  pages={437--444},
  year={1997},
  publisher={IEEE}
}
@inproceedings{czerwoka2006,
author = {Czerwoka, Jacek},
title = {Pairwise Testing in the Real World},
booktitle = {Proceedings of the 24th Pacific Northwest Software Quality Conference},
year = {2006}
}
@article{dahlgren2005,
title = {Improving scientific software component quality through assertions},
author = {Dahlgren, T and Devanbu, P},
year = {2005},
journal = {Proceedings of the Second International Workshop on Software Engineering for High Performance Computing System Applications}
}
@article{ding2016,
title = {An Application of Metamorphic Testing for Testing Scientific Software},
author = {Ding, Junhua and Zhang, Dongmei and Hu, Xin-Hua},
journal = {1st International Workshop on Metamorphic Testing},
year = {2016},
doi = {10.1145/2896971.2896981},
pages = {37--43}
}
@book{feathers2004working,
  title={Working Effectively with Legacy Code: Move fast in big codebases},
  author={Feathers, Michael},
  year={2004},
  publisher={Prentice Hall Professional}
}
@book{golub2013,
title = {Matrix Computations},
author = {Golub, Gene H and Van Loan, Charles F.},
edition = {4th},
publisher = {Johns Hopkins University Press},
year = {2013}
}
@article{guderlei2007,
author = {Guderlie, Ralph and Mayer, Johannes},
title = {Statistical Metamorphic Testing – Testing Programs with Random Output by Means of Statistical Hypothesis Tests and Metamorphic Testing},
journal = {Seventh International Conference on Quality Software},
year = {2007},
doi = {0-7695-3035-4/07}
}
@article{hartman2004problems,
  title={Problems and algorithms for covering arrays},
  author={Hartman, Alan and Raskin, Leonid},
  journal={Discrete Mathematics},
  volume={284},
  number={1-3},
  pages={149--156},
  year={2004},
  publisher={Elsevier}
}
@book{jorgensen2013,
author = {Jorgensen, Paul C},
title = {Software Testing: A Craftsman's Approach},
edition = {4th},
year = {2013},
publisher = {Auerbach Publications},
isbn = {9781466560680}
}
@article{kanewala2014,
title = {Testing Scientific Software: A Systematic Literature Review},
author = {Kanewala, Upulee and Bieman, James M},
year = {2014},
journal = {Inf Softw Technol},
volume = {56},
issue = {10},
pages = {1219--1232},
doi = {10.1016/j.infsof.2014.05.006}
}
@dissertation{kanewala2015,
	title = {TESTING SCIENTIFIC SOFTWARE: TECHNIQUES FOR AUTOMATIC DETECTION OF METAMORPHIC RELATIONS},
	author = {Kanewala, Upulee},
	year = {2015},
	institution = {Colorado State University},
	location = {Fort Collins, Colorado, USA}
}
@inproceedings{khalsa2014orchestrated,
  title={An orchestrated survey of available algorithms and tools for combinatorial testing},
  author={Khalsa, Sunint Kaur and Labiche, Yvan},
  booktitle={2014 IEEE 25th International Symposium on Software Reliability Engineering},
  pages={323--334},
  year={2014},
  organization={IEEE}
}
@article{kuhn2008automated,
  title={Automated combinatorial test methods: Beyond pairwise testing},
  author={Kuhn, D Richard and Kacker, Raghu and Lei, Yu},
  journal={Crosstalk, Journal of Defense Software Engineering},
  volume={21},
  number={6},
  pages={22--26},
  year={2008}
}
@article{liu2014,
title = {How Effectively does Metamorphic Testing Alleviate the Oracle Problem?},
author = {Liu, Huai and Kuo, Fei-Ching and Towey, Dave and Chen, Tsong Yueh},
year = {2013},
journal = {IEEE Transactions on Software Engineering}
}
@article{neumann2016,
title = {Development of Scientific Software and Practices for Software Development: A Systematic Literature Review},
author = {Neumann, Gerardo Cerda and Espina, Héctor Antillanca and Daza, Víctor Parada },
year = {2016},
journal = {Journal of Scientific Software},
doi = {10.17706/jsw.12.2.114-124},
pages = {114--124}
}
@article{nie2011survey,
  title={A survey of combinatorial testing},
  author={Nie, Changhai and Leung, Hareton},
  journal={ACM Computing Surveys (CSUR)},
  volume={43},
  number={2},
  pages={11},
  year={2011},
  publisher={ACM}
}
@book{nygard2018release,
  title={Release it!: design and deploy production-ready software},
  author={Nygard, Michael T},
  year={2018},
  publisher={Pragmatic Bookshelf}
}
@book{overton2001numerical,
  title={Numerical computing with IEEE floating point arithmetic: Including one theorem, one rule of thumb and one hundred and one exercises},
  author={Overton, Michael L},
  volume={76},
  year={2001},
  publisher={Siam}
}
@article{Owen1992,
title = {Othogonal arrays for computer experiments, integration, and visualization},
author = {Owen, Art B},
journal = {Statistica Sinica},
volume = {2},
year = {1992},
pages = {439--452}
}
@misc{Pairwise,
title = {Pairwise Testing},
author = {Czerwonka, Jacek},
howpublished = {\url{http://pairwise.org}},
note = {Accessed: 2019-12-20},
year = {2019}
}
@article{patil2012,
title = {Comparison of Confidence Intervals for the Poisson Mean: Some New Aspects},
author = {Patil, V V and Kulkarni, H V},
year = {2012},
journal = {Statistical Journal},
volume = {10},
number = {2},
pages = {211--227}
}
@article{petke2015practical,
  title={Practical combinatorial interaction testing: Empirical findings on efficiency and early fault detection},
  author={Petke, Justyna and Cohen, Myra B and Harman, Mark and Yoo, Shin},
  journal={IEEE Transactions on Software Engineering},
  volume={41},
  number={9},
  pages={901--924},
  year={2015},
  publisher={IEEE}
}
@book{pezze2008,
title = {Software Testing and Analysis: Process, Principles, and Techniques},
author = {Pezzè, Mauro and Young, Michal},
publisher = {Wiley},
year = {2008}
}
@inproceedings{rothermel1999test,
  title={Test case prioritization: An empirical study},
  author={Rothermel, Gregg and Untch, Roland H and Chu, Chengyun and Harrold, Mary Jean},
  booktitle={Proceedings IEEE International Conference on Software Maintenance-1999 (ICSM'99).'Software Maintenance for Business Change'(Cat. No. 99CB36360)},
  pages={179--188},
  year={1999},
  organization={IEEE}
}
@inproceedings{tung2000automating,
  title={Automating test case generation for the new generation mission software system},
  author={Tung, Yu-Wen and Aldiwan, Wafa S},
  booktitle={2000 IEEE Aerospace Conference. Proceedings (Cat. No. 00TH8484)},
  volume={1},
  pages={431--437},
  year={2000},
  organization={IEEE}
}
@article{wallis2013binomial,
  title={Binomial confidence intervals and contingency tests: mathematical fundamentals and the evaluation of alternative methods},
  author={Wallis, Sean},
  journal={Journal of Quantitative Linguistics},
  volume={20},
  number={3},
  pages={178--208},
  year={2013},
  publisher={Taylor \& Francis}
}
@article{yoo2012regression,
  title={Regression testing minimization, selection and prioritization: a survey},
  author={Yoo, Shin and Harman, Mark},
  journal={Software testing, verification and reliability},
  volume={22},
  number={2},
  pages={67--120},
  year={2012},
  publisher={Wiley Online Library}
}
